@book{yaschenko,
	Author = {V V Yaschenko},
	Title = {Cryptography: An Introduction},
	Publisher = {Library of Congress Cataloging-in-Publication Data},
	Edition = {18},
	Year = 2002
}

@book{shokranian,
	Author = {Salahoddin Shokranian and Marcus Soares and Hemar Godinho},
	Title = {Teoria dos NÃºmeros},
	Publisher = {Editora UnB},
	Edition = {2},
	Year = 1998
}